%%%%%%%  Mes references %%%%%%%%%%%%%%%%%%%%%%%%%%
The IEEE International Conference on Computer Vision (ICCV)
@inproceedings{portaz2017construction,
  title={Construction et {\'e}valuation d'un corpus pour la recherche d'instances d'images mus{\'e}ales.},
  author={Portaz, Maxime and Poignant, Johann and Budnik, Mateusz and Mulhem, Philippe and Chevallet, Jean-Pierre and Goeuriot, Lorraine},
  booktitle={CORIA},
  pages={17--34},
  year={2017}
}

@inproceedings{portaz2016etude,
  title={{\'E}tude pr{\'e}liminaire {\`a} la recherche de photographies mus{\'e}ales en mobilit{\'e}},
  author={Portaz, Maxime and Mulhem, Philippe and Chevallet, Jean-Pierre},
  booktitle={CORIA 2016 COnf{\'e}rence en Recherche d'Information et Applications 2016},
  pages={335--344},
  year={2016}
}

@inproceedings{portaz2016mrim,
  title={MRIM-LIG at ImageCLEF 2016 Scalable Concept Image Annotation Task.},
  author={Portaz, Maxime and Budnik, Mateusz and Mulhem, Philippe and Poignant, Johann},
  booktitle={CLEF (Working Notes)},
  pages={363--370},
  year={2016}
}


@inproceedings{qian2004similarity,
  title={Similarity between Euclidean and cosine angle distance for nearest neighbor queries},
  author={Qian, Gang and Sural, Shamik and Gu, Yuelong and Pramanik, Sakti},
  booktitle={Proceedings of the 2004 ACM symposium on Applied computing},
  pages={1232--1237},
  year={2004},
  organization={ACM}
}



%%%%%%% Shallow references %%%%%%%%%%%%%%%%%%%%%%%%%%%%%%%%

@article{chen2015net2net,
  title={Net2net: Accelerating learning via knowledge transfer},
  author={Chen, Tianqi and Goodfellow, Ian and Shlens, Jonathon},
  journal={arXiv preprint arXiv:1511.05641},
  year={2015}
}

@article{tolias2015particular,
  title={Particular object retrieval with integral max-pooling of CNN activations},
  author={Tolias, Giorgos and Sicre, Ronan and J{\'e}gou, Herv{\'e}},
  journal={arXiv preprint arXiv:1511.05879},
  year={2015}
}

@inproceedings{schroff2015facenet,
  title={Facenet: A unified embedding for face recognition and clustering},
  author={Schroff, Florian and Kalenichenko, Dmitry and Philbin, James},
  booktitle={Proceedings of the IEEE Conference on Computer Vision and Pattern Recognition},
  pages={815--823},
  year={2015}
}

@inproceedings{gordo2016deep,
  title={Deep image retrieval: Learning global representations for image search},
  author={Gordo, Albert and Almaz{\'a}n, Jon and Revaud, Jerome and Larlus, Diane},
  booktitle={European Conference on Computer Vision},
  pages={241--257},
  year={2016},
  organization={Springer}
}

@inproceedings{jegou2010aggregating,
  title={Aggregating local descriptors into a compact image representation},
  author={J{\'e}gou, Herv{\'e} and Douze, Matthijs and Schmid, Cordelia and P{\'e}rez, Patrick},
  booktitle={Computer Vision and Pattern Recognition (CVPR), 2010 IEEE Conference on},
  pages={3304--3311},
  year={2010},
  organization={IEEE}
}

@article{lowe2004distinctive,
  title={Distinctive image features from scale-invariant keypoints},
  author={Lowe, David G},
  journal={International journal of computer vision},
  volume={60},
  number={2},
  pages={91--110},
  year={2004},
  publisher={Springer}
}

@article{barroso2003web,
  title={Web search for a planet: The Google cluster architecture},
  author={Barroso, Luiz Andr{\'e} and Dean, Jeffrey and Holzle, Urs},
  journal={IEEE micro},
  volume={23},
  number={2},
  pages={22--28},
  year={2003},
  publisher={IEEE}
}

@inproceedings{sivic2003video,
  title={Video google: A text retrieval approach to object matching in videos.},
  author={Sivic, Josef and Zisserman, Andrew and others},
  booktitle={iccv},
  volume={2},
  number={1470},
  pages={1470--1477},
  year={2003}
}

@book{witten1999managing,
  title={Managing gigabytes: compressing and indexing documents and images},
  author={Witten, Ian H and Moffat, Alistair and Bell, Timothy C},
  year={1999},
  publisher={Morgan Kaufmann}
}

@inproceedings{arandjelovic2012three,
  title={Three things everyone should know to improve object retrieval},
  author={Arandjelovi{\'c}, Relja and Zisserman, Andrew},
  booktitle={Computer Vision and Pattern Recognition (CVPR), 2012 IEEE Conference on},
  pages={2911--2918},
  year={2012},
  organization={IEEE}
}

@inproceedings{babenko2014neural,
  title={Neural codes for image retrieval},
  author={Babenko, Artem and Slesarev, Anton and Chigorin, Alexandr and Lempitsky, Victor},
  booktitle={European conference on computer vision},
  pages={584--599},
  year={2014},
  organization={Springer}
}

@inproceedings{sharif2014cnn,
  title={CNN features off-the-shelf: an astounding baseline for recognition},
  author={Sharif Razavian, Ali and Azizpour, Hossein and Sullivan, Josephine and Carlsson, Stefan},
  booktitle={Proceedings of the IEEE Conference on Computer Vision and Pattern Recognition Workshops},
  pages={806--813},
  year={2014}
}

@inproceedings{deng2009imagenet,
  title={Imagenet: A large-scale hierarchical image database},
  author={Deng, Jia and Dong, Wei and Socher, Richard and Li, Li-Jia and Li, Kai and Fei-Fei, Li},
  booktitle={Computer Vision and Pattern Recognition, 2009. CVPR 2009. IEEE Conference on},
  pages={248--255},
  year={2009},
  organization={IEEE}
}